<?xml version="1.0" encoding="UTF-8"?><collection xmlns="http://www.loc.gov/MARC21/slim"><record><leader>00528nam--2200181-i-4500</leader><controlfield tag="001">000043136</controlfield><controlfield tag="002">20161230</controlfield><controlfield tag="005">20161230201043</controlfield><controlfield tag="008">060222s1000------------r-----000-0-eng-d</controlfield><datafield ind1=" " ind2=" " tag="040"><subfield code="a">IFIN-HH</subfield></datafield><datafield ind1=" " ind2=" " tag="080"><subfield code="a">538.941/945</subfield></datafield><datafield ind1="1" ind2=" " tag="100"><subfield code="a">Ginzburg, V.L</subfield></datafield><datafield ind1="1" ind2="0" tag="245"><subfield code="a">Superconductivity, superdiamagnetism, superfluidity</subfield><subfield code="c">V.l. ginzburg (ed.)</subfield></datafield><datafield ind1=" " ind2=" " tag="260"><subfield code="a">Moscow</subfield><subfield code="b">Mir Publishers</subfield><subfield code="c">1987</subfield></datafield><datafield ind1=" " ind2=" " tag="300"><subfield code="a">327 P</subfield></datafield><datafield ind1=" " ind2=" " tag="490"><subfield code="a">Advances In Science And Technology In Ussr Physics Series</subfield></datafield><datafield ind1=" " ind2=" " tag="852"><subfield code="a">74972</subfield><subfield code="c">539.2</subfield></datafield><datafield ind1=" " ind2=" " tag="CAT"><subfield code="a">Sys</subfield><subfield code="c">20121112</subfield><subfield code="h">165010</subfield></datafield></record></collection>